<record><leader>00000cas a22000007a 4500</leader><controlfield tag="001">14125225</controlfield><controlfield tag="008">860822d18791880pauwr ne      0    0eng d</controlfield><datafield ind1=" " ind2=" " tag="010"><subfield code="a">sn 86081751 </subfield></datafield><datafield ind1=" " ind2=" " tag="040"><subfield code="a">NPH</subfield><subfield code="b">eng</subfield><subfield code="c">NPH</subfield><subfield code="d">OCLCQ</subfield></datafield><datafield ind1=" " ind2=" " tag="042"><subfield code="a">msc</subfield></datafield><datafield ind1="0" ind2="4" tag="245"><subfield code="a">The Sunbury gazette-American.</subfield></datafield><datafield ind1=" " ind2=" " tag="260"><subfield code="a">Sunbury, Pa. :</subfield><subfield code="b">Youngman and Wilvert,</subfield><subfield code="c">1879-1880.</subfield></datafield><datafield ind1=" " ind2=" " tag="300"><subfield code="a">1 v.</subfield></datafield><datafield ind1=" " ind2=" " tag="310"><subfield code="a">Weekly</subfield></datafield><datafield ind1="0" ind2=" " tag="362"><subfield code="a">Vol. 1, no. 1 (Apr. 11, 1879)- v. 1, no. 51 (Apr. 2, 1880).</subfield></datafield><datafield ind1=" " ind2=" " tag="580"><subfield code="a">Formed by the union of: Sunbury gazette, and: Sunbury American (Sunbury, Pa. : 1848). Cf. Gregory, W. Amer. newspapers.</subfield></datafield><datafield ind1=" " ind2=" " tag="752"><subfield code="a">United States</subfield><subfield code="b">Pennsylvania</subfield><subfield code="c">Northumberland</subfield><subfield code="d">Sunbury.</subfield></datafield><datafield ind1="1" ind2="4" tag="780"><subfield code="t">Sunbury gazette</subfield><subfield code="w">(DLC)sn 84026401</subfield></datafield><datafield ind1="1" ind2="4" tag="780"><subfield code="t">Sunbury American (Sunbury, Pa. : 1848)</subfield><subfield code="w">(DLC)sn 84026403</subfield></datafield><datafield ind1="0" ind2="6" tag="785"><subfield code="t">Sunbury gazette, and Northumberland County republican</subfield><subfield code="w">(DLC)sn 86081752</subfield></datafield><datafield ind1="0" ind2="6" tag="785"><subfield code="t">Sunbury American (Sunbury, Pa. : 1880)</subfield><subfield code="w">(DLC)sn 86081753</subfield></datafield></record>